%% This BibTeX bibliography file was created using BibDesk.
%% http://bibdesk.sourceforge.net/


%% Created for Kai Fieger at 2016-10-30 23:17:32 +0100 


%% Saved with string encoding Unicode (UTF-8) 

@inproceedings{Wong,
 author = {Wong, W. Y. and Lau, T. P. and King, I.},
 title = {{Information Retrieval in P2P Networks Using Genetic Algorithm}},
 booktitle = {Special Interest Tracks and Posters of the 14th International Conference on World Wide Web},
 series = {WWW '05},
 year = {2005},
 isbn = {1-59593-051-5},
 location = {Chiba, Japan},
 pages = {922--923},
 numpages = {2},
 acmid = {1062799},
 publisher = {ACM},
 address = {New York, USA},
 keywords = {P2P, genetic algorithm, longest path problem, query routing},
} 

@inproceedings{Multirobot,
 author = {Portugal, D. and Rocha, R.},
 title = {{MSP Algorithm: Multi-robot Patrolling Based on Territory Allocation Using Balanced Graph Partitioning}},
 booktitle = {Proceedings of the 2010 ACM Symposium on Applied Computing},
 series = {SAC '10},
 year = {2010},
 isbn = {978-1-60558-639-7},
 location = {Sierre, Switzerland},
 pages = {1271--1276},
 numpages = {6},
 acmid = {1774360},
 publisher = {ACM},
 address = {New York, USA},
} 

@book{Brucker,
 author = {Brucker, P.},
 title = {Scheduling Algorithms},
 year = {1995},
 isbn = {3540600876},
 publisher = {Springer-Verlag New York, Inc.},
 address = {Secaucus, NJ, USA},
} 

@ARTICLE{Circuit1, 
author={M. M. Ozdal and M. D. F. Wong}, 
journal={IEEE Transactions on Computer-Aided Design of Integrated Circuits and Systems}, 
title={Algorithmic study of single-layer bus routing for high-speed boards}, 
year={2006}, 
volume={25}, 
number={3}, 
pages={490-503}, 
keywords={circuit CAD;circuit complexity;circuit optimisation;network routing;printed circuit design;clock frequency;design automation;high-performance bus routing;high-speed boards;maximum-length constraints;minimum-area constraints;routing resource allocation;single-layer bus routing;time complexity;timing requirements;Clocks;Design automation;Frequency;Lagrangian functions;Large-scale systems;Printed circuits;Resource management;Routing;Timing;Wires;Algorithms;design automation;physical design;routing}, 
ISSN={0278-0070}
}

@ARTICLE{Circuit2, 
author={M. M. Ozdal and M. D. F. Wong}, 
journal={IEEE Transactions on Computer-Aided Design of Integrated Circuits and Systems}, 
title={{A Length-Matching Routing Algorithm for High-Performance Printed Circuit Boards}}, 
year={2006}, 
volume={25}, 
number={12}, 
pages={2784-2794}, 
keywords={VLSI;graph theory;minimax techniques;network routing;printed circuit design;Lagrangian-relaxation;VLSI;graph model;high-performance printed circuit boards;length-matching routing algorithm;min-max length constraints;routing nets;very large scale integration;Application software;Clocks;Frequency;Lagrangian functions;Minimization methods;Printed circuits;Resource management;Routing;Timing;Very large scale integration;Algorithms;Lagrangian relaxation;printed circuit board (PCB);routing;very large scale integration (VLSI)}, 
ISSN={0278-0070}, 
}

@inproceedings{Bellman,
	Author = {R.E. Bellman},
	Date-Added = {2016-10-30 22:15:52 +0000},
	Date-Modified = {2016-10-30 22:17:28 +0000},
	Pages = {87--90},
	Booktitle = {Quarterly of Applied Mathematics},
	Title = {{"On a routing problem"}},
	Year = {1958}}

@misc{Ford,
	Address = {Santa Monica, California},
	Author = {L. R. Ford},
	Date-Added = {2016-10-30 22:12:48 +0000},
	Date-Modified = {2016-10-30 22:15:51 +0000},
	Number = {Paper P-923},
	Publisher = {RAND Corporation},
	Title = {Network Flow Theory},
	Year = {1956}}

@book{NP,
	Address = {New York, NY, USA},
	Author = {Garey, M. R. and Johnson, D. S.},
	Isbn = {0716710447},
	Publisher = {W. H. Freeman \& Co.},
	Title = {Computers and Intractability: A Guide to the Theory of NP-Completeness},
	Year = {1979}}

@inproceedings{stern,
	Author = {Stern, R. and Kiesel, S. and Puzis, R. and Feller, A. and Ruml, W.},
	Booktitle = {Proceedings of the Seventh Annual Symposium on Combinatorial Search (SoCS 2014)},
	Date-Added = {2016-08-30 14:09:00 +0000},
	Date-Modified = {2016-08-30 14:14:40 +0000},
	Title = {Max Is More than Min: Solving Maximization Problems with Heuristic Search},
	Year = {2014}}

@inproceedings{sandersschulz2013,
	Author = {Sanders, Peter and Schulz, Christian},
	Booktitle = {Proceedings of the 12th International Symposium on Experimental Algorithms (SEA'13)},
	Pages = {164--175},
	Publisher = {Springer},
	Series = {LNCS},
	Title = {{Think Locally, Act Globally: Highly Balanced Graph Partitioning}},
        pages = {164--175},
	Volume = {7933},
	Year = {2013}}

@article{Dijkstra,
	Author = {E. W. Dijkstra},
	Journal = {NUMERISCHE MATHEMATIK},
	Number = {1},
	Pages = {269--271},
	Title = {A Note on Two Problems in Connexion with Graphs},
	Volume = {1},
	Year = {1959}}


@unpublished{kaLPHomePage,
	Author = {Balyo, T. and Fieger, K. and Schulz, C.},
	Note = {{\url{http://algo2.iti.kit.edu/kalp/index.html}}},
	Title = {{KaLP -- Karlsruhe Longest Paths Homepage}}
}

